<?xml version="1.0" encoding="UTF-8"?><collection xmlns="http://www.loc.gov/MARC21/slim"><record><leader>00621nam--2200205-i-4500</leader><controlfield tag="001">000010623</controlfield><controlfield tag="002">20161230</controlfield><controlfield tag="005">20161230201028</controlfield><controlfield tag="008">060222s1000------------r-----000-0-rum-d</controlfield><datafield ind1=" " ind2=" " tag="040"><subfield code="a">IFIN-HH</subfield></datafield><datafield ind1=" " ind2=" " tag="041"><subfield code="a">rum</subfield></datafield><datafield ind1=" " ind2=" " tag="080"><subfield code="a">539.4</subfield></datafield><datafield ind1="1" ind2=" " tag="100"><subfield code="a">Buzdugan, Gh</subfield></datafield><datafield ind1="1" ind2="0" tag="245"><subfield code="a">Culegere de probleme din rezistenta materialelor</subfield><subfield code="c">Gh. buzdugan, a. beles, c. mitescu, r. voinea, a. petre, m. blumenfeld, i. constantinescu</subfield></datafield><datafield ind1=" " ind2=" " tag="250"><subfield code="a">Editia A Vi-a</subfield></datafield><datafield ind1=" " ind2=" " tag="260"><subfield code="a">Bucuresti</subfield><subfield code="b">Edidactica Didactica Si Pedagogica</subfield><subfield code="c">1972</subfield></datafield><datafield ind1=" " ind2=" " tag="300"><subfield code="a">591 P</subfield></datafield><datafield ind1="1" ind2=" " tag="700"><subfield code="a">Constantinescu, I</subfield></datafield><datafield ind1=" " ind2=" " tag="852"><subfield code="a">38427</subfield><subfield code="c">539.4</subfield></datafield><datafield ind1=" " ind2=" " tag="CAT"><subfield code="a">Sys</subfield><subfield code="c">20130129</subfield><subfield code="h">131551</subfield></datafield></record></collection>